@Book{ Cichosz,
	author = "P. Cichosz",
	title = "Systemy uczące si\c{e}",
	publisher = "WNT",
	year = "2000",
	address = Warszawa"
}

@InProceedings{ 5466919,
	author = "M. Ektefa and S. Memar and F. Sidi and L.S. Affendey",
	booktitle = "Information Retrieval Knowledge Management, (CAMP), 2010 International Conference on",
	title = "Intrusion detection using data mining techniques",
	year = "2010",
	month = "March",
	pages = "200--203",
	keywords = "data mining, security of data, support vector machines, C4.5 algorithm, Internet attacks, data mining, intrusion detection, support vector machines, Application software, Classification tree analysis, Data mining, Data security, IP networks, Internet, Intrusion detection, Support vector machine classification, Support vector machines, Telecommunication traffic, Classification tree, Data Mining, Internet attack, Intrusion Detection Systems (IDS), Support Vector Machines"
}

@InProceedings{ heywood,
	author = "A. Nur Zincir-Heywood Malcolm I. Heywood and H. Gunes Kayacik",
	title = "Selecting Features for Intrusion Detection: A Feature Relevance Analysis on KDD 99 Intrusion Detection Datasets"
}

@InProceedings{ oladele,
	author = "Adeola S. Oladele. and Adetunmbi A. Olusola. and Daramola O. Abosede",
	title = "Analysis of KDD ’99 Intrusion Detection Dataset for Selection of Relevance Features"
}

